@book{latex,
  title = {LaTeX : A Documentation Preparation System User's Guide and Reference Manual},
  publisher = {Addison-Wesley Professional},
  year = {1994},
  author = {Leslie Lamport}
}

@misc{rfc-9000,
  title = {QUIC: A UDP-Based Multiplexed and Secure Transport},
  url = {https://datatracker.ietf.org/doc/html/rfc9000},
  year = {2024},
  author = {Internet-Engineering-Task-Force}
}

@misc{draft-moqtransport,
  title = {Media over QUIC Transport},
  url = {https://datatracker.ietf.org/doc/draft-ietf-moq-transport/},
  year = {2024},
  author = {Internet-Engineering-Task-Force}
}

@misc{article-quic-usage,
  title = {The Future of the Internet is here: QUIC Protocol and HTTP/3},
  url = {https://medium.com/@luisrodri/the-future-of-the-internet-is-here-quic-protocol-and-http-3-d7061adf424f},
  year = {2024},
  author = {Luis Rodriguez}
}